<record><leader>00000cas a2200000Ma 4500</leader><controlfield tag="001">11059744</controlfield><controlfield tag="008">840816d187u1878inuwr ne      0    0eng d</controlfield><datafield ind1=" " ind2=" " tag="010"><subfield code="a">sn 84023906 </subfield></datafield><datafield ind1=" " ind2=" " tag="040"><subfield code="a">AQM</subfield><subfield code="b">eng</subfield><subfield code="c">AQM</subfield><subfield code="d">OCLCQ</subfield></datafield><datafield ind1="0" ind2=" " tag="130"><subfield code="a">Weekly Indianian (Danville, Ind.)</subfield></datafield><datafield ind1="1" ind2="4" tag="245"><subfield code="a">The weekly Indianian.</subfield></datafield><datafield ind1=" " ind2=" " tag="260"><subfield code="a">Danville, Ind. :</subfield><subfield code="b">C.N. Walls</subfield></datafield><datafield ind1=" " ind2=" " tag="310"><subfield code="a">Weekly</subfield></datafield><datafield ind1="1" ind2=" " tag="362"><subfield code="a">Ceased in 1878?</subfield><subfield code="z">Cf. Amer. newspapers, 1821-1936.</subfield></datafield><datafield ind1=" " ind2=" " tag="588"><subfield code="a">Description based on: Vol. 6, no. 22 (June 1, 1876).</subfield></datafield><datafield ind1=" " ind2="7" tag="655"><subfield code="a">Newspapers.</subfield><subfield code="2">rbgenr</subfield></datafield><datafield ind1=" " ind2=" " tag="752"><subfield code="a">United States</subfield><subfield code="b">Indiana</subfield><subfield code="c">Hendricks</subfield><subfield code="d">Danville.</subfield></datafield><datafield ind1="0" ind2="0" tag="780"><subfield code="t">Indianian (Danville, Ind.)</subfield><subfield code="w">(DLC)sn 84027333</subfield><subfield code="w">(OCoLC)11022499</subfield></datafield></record>